% ********************************************
%
% REFERENCES BIB FILE - CONTAINS ALL REFERENCES
%
% ********************************************

@article{turing-paper1950,
	author = {Turing, A. M.},
	title = {I.—COMPUTING MACHINERY AND INTELLIGENCE},
	journal = {Mind},
	volume = {LIX},
	number = {236},
	pages = {433-460},
	year = {1950},
	doi = {10.1093/mind/LIX.236.433}
}

@article{weizenbaum-eliza1966,
	author = {Weizenbaum, Joseph},
	title = {ELIZA - a Computer Program for the Study of Natural Language Communication Between Man and Machine},
	journal = {Commun. ACM},
	issue_date = {Jan. 1966},
	volume = {9},
	number = {1},
	month = jan,
	year = {1966},
	issn = {0001-0782},
	pages = {36--45},
	numpages = {10},
	doi = {10.1145/365153.365168},
	acmid = {365168},
	publisher = {ACM},
	address = {New York, NY, USA},
} 

@article{loebner-prize2001, 
	title={Passing Loebner’s Turing Test: A Case of Conflicting Discourse Functions}, 
	volume={11}, 
	DOI={10.1023/a:1011214808628}, 
	number={1}, 
	journal={Minds and Machines}, 
	author={Zdenek, Sean}, 
	year={2001}, 
	pages={53–76}
}

@techreport{deloitte-chatbots2018,
	title={Chatbots Point of View},
	author={Bakhshi, Naser and van den Berg, Hugo and Broersen, Sjors and de Vries, Dennis and El Bouazzaoui, Hicham and Michels, Bob},
	institution={Deloitte The Netherlands},
	year={2018}
}

@inproceedings{nlp-whitepaper1989,
	author = {Weischedel, Ralph and Carbonell, Jaime and Grosz, Barbara and Lehnert, Wendy and Marcus, Mitchell and Perrault, Raymond and Wilensky, Robert},
	title = {White Paper on Natural Language Processing},
	booktitle = {Proceedings of the Workshop on Speech and Natural Language},
	series = {HLT '89},
	year = {1989},
	isbn = {1-55860-112-0},
	location = {Cape Cod, Massachusetts},
	pages = {481--493},
	numpages = {13},
	doi = {10.3115/1075434.1075526},
	acmid = {1075526},
	publisher = {Association for Computational Linguistics},
	address = {Stroudsburg, PA, USA},
} 

@article{evaluating-chatbots2017,
	title={Evaluating quality of chatbots and intelligent conversational agents},
	author={Radziwill, Nicole M and Benton, Morgan C},
	journal={arXiv preprint arXiv:1704.04579},
	year={2017}
}

@inproceedings{why-people-use-chatbots2017,
	title={Why people use chatbots},
	author={Brandtzaeg, Petter Bae and F{\o}lstad, Asbj{\o}rn},
	booktitle={International Conference on Internet Science},
	pages={377--392},
	year={2017},
	organization={Springer}
}

@inproceedings{de2001unfriendly,
  title={The unfriendly user: exploring social reactions to chatterbots},
  author={De Angeli, Antonella and Johnson, Graham I and Coventry, Lynne},
  booktitle={Proceedings of The International Conference on Affective Human Factors Design, London},
  pages={467--474},
  year={2001}
}

@article{abdul2015survey,
	title={Survey on chatbot design techniques in speech conversation systems},
	author={Abdul-Kader, Sameera A and Woods, JC},
	journal={International Journal of Advanced Computer Science and Applications},
	volume={6},
	number={7},
	year={2015},
	publisher={The Science and Information (SAI) Organization}
}

@article{brooker_2003, 
	title={What is person-centred care in dementia?}, 
	volume={13}, 
	DOI={10.1017/S095925980400108X}, 
	number={3}, 
	journal={Reviews in Clinical Gerontology}, 
	publisher={Cambridge University Press}, 
	author={Brooker, Dawn}, 
	year={2003}, 
	pages={215–222}
}

@article{shum2018eliza,
	title={From Eliza to XiaoIce: challenges and opportunities with social chatbots},
	author={Shum, Heung-Yeung and He, Xiao-dong and Li, Di},
	journal={Frontiers of Information Technology \& Electronic Engineering},
	volume={19},
	number={1},
	pages={10--26},
	year={2018},
	publisher={Springer}
}

@article{liddy2001natural,
	title={Natural language processing},
	author={Liddy, Elizabeth D},
	year={2001}
}

@book{info-retrieval2018, 
	place={Cambridge}, 
	title={Introduction to information retrieval}, 
	publisher={Cambridge University Press}, 
	author={Manning, Christopher D. and Raghavan, Prabhakar and Schütze, Hinrich}, 
	year={2009}
}

@misc{stanford-nlp-group-ner, 
	title={Stanford Named Entity Recognizer (NER)}, howpublished={Available at \url{https://nlp.stanford.edu/software/CRF-NER.shtml} (Accessed: 17/10/2018)}, 
	journal={The Stanford Natural Language Processing Group}
}

@misc{stanford-nlp-mt,
	title={Stanford NLP Group - Machine Translation},
	howpublished={Available at \url{https://nlp.stanford.edu/projects/mt.shtml} (Accessed: 24/03/2019)},
	 journal={The Stanford Natural Language Processing Group}
}

@article{Collobert2011NaturalLP,
	title={Natural Language Processing (almost) from Scratch},
	author={Ronan Collobert and Jason Weston and L{\'e}on Bottou and Michael Karlen and Koray Kavukcuoglu and Pavel P. Kuksa},
	journal={Journal of Machine Learning Research},
	year={2011},
	volume={12},
	pages={2493-2537}
}

@book{mitkov2014anaphora,
	title={Anaphora resolution},
	author={Mitkov, Ruslan},
	year={2014},
	publisher={Routledge}
}

@misc{cam-nlp-linguistics,
	title={Introduction to Linguistics for Natural Language Processing},
	howpublished={Available at \url{https://www.cl.cam.ac.uk/teaching/1314/L100/introling.pdf} (Accessed: 24/03/2019)},
	author={Ted Briscoe}
}

@article{hill2015real,
	title={Real conversations with artificial intelligence: A comparison between human--human online conversations and human--chatbot conversations},
	author={Hill, Jennifer and Ford, W Randolph and Farreras, Ingrid G},
	journal={Computers in Human Behavior},
	volume={49},
	pages={245--250},
	year={2015},
	publisher={Elsevier}
}

@inproceedings{shawar2007chatbots,
	title={Chatbots: are they really useful?},
	author={Shawar, Bayan Abu and Atwell, Eric},
	booktitle={Ldv forum},
	volume={22},
	number={1},
	pages={29--49},
	year={2007}
}

@article{coniam-linguistic-accuracy2014,
	author = {Coniam, David},
	year = {2014},
	month = {09},
	pages = {},
	title = {The linguistic accuracy of chatbots: Usability from an ESL perspective},
	volume = {34},
	journal = {Text \& Talk},
	doi = {10.1515/text-2014-0018}
}

@inproceedings{7072837, 
	author={J. {Bang} and H. {Noh} and Y. {Kim} and G. G. {Lee}}, 
	booktitle={2015 International Conference on Big Data and Smart Computing (BIGCOMP)}, 
	title={Example-based chat-oriented dialogue system with personalized long-term memory}, 
	year={2015}, 
	volume={}, 
	number={}, 
	pages={238-243},  
	doi={10.1109/35021BIGCOMP.2015.7072837}
}

@inproceedings{Roy:2000:SDM:1075218.1075231,
	author = {Roy, Nicholas and Pineau, Joelle and Thrun, Sebastian},
	title = {Spoken Dialogue Management Using Probabilistic Reasoning},
	booktitle = {Proceedings of the 38th Annual Meeting on Association for Computational Linguistics},
	series = {ACL '00},
	year = {2000},
	location = {Hong Kong},
	pages = {93--100},
	numpages = {8},
	doi = {10.3115/1075218.1075231},
	acmid = {1075231}
}

@inproceedings{chatbots-datastructures, 
	author={A. {Shah} and B. {Jain} and B. {Agrawal} and S. {Jain} and S. {Shim}}, 
	booktitle={2018 IEEE 8th Annual Computing and Communication Workshop and Conference (CCWC)}, 
	title={Problem solving chatbot for data structures}, 
	year={2018}, 
	pages={184-189}, 
	doi={10.1109/CCWC.2018.8301734}
} 

@paper{AAAIW1817360,
	author = {Libby Ferland and Ziwei Li and Shridhar Sukhani and Joan Zheng and Luyang Zhao and Maria Gini},
	title = {Assistive AI for Coping with Memory Loss},
	conference = {AAAI Workshops},
	year = {2018},
	url = {https://www.aaai.org/ocs/index.php/WS/AAAIW18/paper/view/17360/15619}
}

@article{nadeau2007survey,
	title={A survey of named entity recognition and classification},
	author={Nadeau, David and Sekine, Satoshi},
	journal={Lingvisticae Investigationes},
	volume={30},
	number={1},
	pages={3--26},
	year={2007},
	publisher={John Benjamins}
}

@inbook{inbook,
	author = {Lucassen, Garm and van de Keuken, Maxim and Dalpiaz, Fabiano and Brinkkemper, Sjaak and Willem Sloof, Gijs and Schlingmann, Johan},
	year = {2018},
	month = {03},
	pages = {227-243},
	title = {Jobs-to-be-Done Oriented Requirements Engineering: A Method for Defining Job Stories},
	isbn = {978-3-319-77242-4},
	doi = {10.1007/978-3-319-77243-1_14}
}

@inproceedings{7072837, 
	author={J. {Bang} and H. {Noh} and Y. {Kim} and G. G. {Lee}}, 
	booktitle={2015 International Conference on Big Data and Smart Computing (BIGCOMP)}, 
	title={Example-based chat-oriented dialogue system with personalized long-term memory}, 
	year={2015}, 
	volume={}, 
	number={}, 
	pages={238-243},  
	doi={10.1109/35021BIGCOMP.2015.7072837}, 
	ISSN={2375-933X}, 
	month={Feb}
}

@misc{mcleod_2010,
	title={Long-Term Memory | Simply Psychology},
	url={https://www.simplypsychology.org/long-term-memory.html},
	journal={Simplypsychology.org},
	author={Mcleod, Saul},
	year={2010}
}

@article{tulving1972episodic,
	title={Episodic and semantic memory},
	author={Tulving, Endel and others},
	journal={Organization of memory},
	volume={1},
	pages={381--403},
	year={1972},
	publisher={New York}
}

@inproceedings{bradevsko2012survey,
	title={A survey of chatbot systems through a loebner prize competition},
	author={Brade{\v{s}}ko, Luka and Mladeni{\'c}, Dunja},
	booktitle={Proceedings of Slovenian Language Technologies Society Eighth Conference of Language Technologies},
	pages={34--37},
	year={2012}
}

@inproceedings{choi2015depends,
	title={It depends: Dependency parser comparison using a web-based evaluation tool},
	author={Choi, Jinho D and Tetreault, Joel and Stent, Amanda},
	booktitle={Proceedings of the 53rd Annual Meeting of the Association for Computational Linguistics and the 7th International Joint Conference on Natural Language Processing (Volume 1: Long Papers)},
	volume={1},
	pages={387--396},
	year={2015}
}


