% ********************************************
%
% REFERENCES BIB FILE - CONTAINS ALL REFERENCES
%
% ********************************************

@article{turing-paper1950,
	author = {Turing, A. M.},
	title = {I.—COMPUTING MACHINERY AND INTELLIGENCE},
	journal = {Mind},
	volume = {LIX},
	number = {236},
	pages = {433-460},
	year = {1950},
	doi = {10.1093/mind/LIX.236.433}
}

@article{weizenbaum-eliza1966,
	author = {Weizenbaum, Joseph},
	title = {ELIZA - a Computer Program for the Study of Natural Language Communication Between Man and Machine},
	journal = {Commun. ACM},
	issue_date = {Jan. 1966},
	volume = {9},
	number = {1},
	month = jan,
	year = {1966},
	issn = {0001-0782},
	pages = {36--45},
	numpages = {10},
	doi = {10.1145/365153.365168},
	acmid = {365168},
	publisher = {ACM},
	address = {New York, NY, USA},
} 

@article{loebner-prize2001, 
	title={Passing Loebner’s Turing Test: A Case of Conflicting Discourse Functions}, 
	volume={11}, 
	DOI={10.1023/a:1011214808628}, 
	number={1}, 
	journal={Minds and Machines}, 
	author={Zdenek, Sean}, 
	year={2001}, 
	pages={53–76}
}

@techreport{deloitte-chatbots2018,
	title={Chatbots Point of View},
	author={Bakhshi, Naser and van den Berg, Hugo and Broersen, Sjors and de Vries, Dennis and El Bouazzaoui, Hicham and Michels, Bob},
	institution={Deloitte The Netherlands},
	year={2018}
}

@inproceedings{nlp-whitepaper1989,
	author = {Weischedel, Ralph and Carbonell, Jaime and Grosz, Barbara and Lehnert, Wendy and Marcus, Mitchell and Perrault, Raymond and Wilensky, Robert},
	title = {White Paper on Natural Language Processing},
	booktitle = {Proceedings of the Workshop on Speech and Natural Language},
	series = {HLT '89},
	year = {1989},
	isbn = {1-55860-112-0},
	location = {Cape Cod, Massachusetts},
	pages = {481--493},
	numpages = {13},
	doi = {10.3115/1075434.1075526},
	acmid = {1075526},
	publisher = {Association for Computational Linguistics},
	address = {Stroudsburg, PA, USA},
} 

@misc{stanford-nlp-group, 
	title={Stanford Named Entity Recognizer (NER)}, howpublished={Available at \url{https://nlp.stanford.edu/software/CRF-NER.shtml} (Accessed: 17/10/2018)}, 
	journal={The Stanford Natural Language Processing Group}
}

@article{evaluating-chatbots2017,
	title={Evaluating quality of chatbots and intelligent conversational agents},
	author={Radziwill, Nicole M and Benton, Morgan C},
	journal={arXiv preprint arXiv:1704.04579},
	year={2017}
}

@inproceedings{why-people-use-chatbots2017,
	title={Why people use chatbots},
	author={Brandtzaeg, Petter Bae and F{\o}lstad, Asbj{\o}rn},
	booktitle={International Conference on Internet Science},
	pages={377--392},
	year={2017},
	organization={Springer}
}

